@article{Palczeski_2000, title={Crystal Structure of Rhodopsin: A G Protein-Coupled Receptor}, volume={289}, author={Palczeski, Krzysztof and Behnke, Craig A and Motoshima, Hiroyuki and Fox, Brian A}, year={2000}, language={en}, journal={Science} }

@article{Baselt_1989, title={Halorhodopsin and sensory rhodopsin contain a C6-C7 s-trans retinal chromophore}, volume={55}, ISSN={0006-3495}, DOI={10.1016/S0006-3495(89)82791-2}, number={1}, journal={Biophysical Journal}, author={Baselt, D. R. and Fodor, S. P. and van der Steen, R. and Lugtenburg, J. and Bogomolni, R. A. and Mathies, R. A.}, year={1989}, month=jan, pages={193–196}, language={eng} }

@article{Kouyama_2018, title={Three-Step Isomerization of the Retinal Chromophore during the Anion Pumping Cycle of Halorhodopsin}, volume={57}, ISSN={0006-2960}, DOI={10.1021/acs.biochem.8b00631}, number={41}, journal={Biochemistry}, publisher={American Chemical Society}, author={Kouyama, Tsutomu and Ihara, Kunio and Maki, Kosuke and Chan, Siu Kit}, year={2018}, month=oct, pages={6013–6026} }

@article{Taguchi_2023, title={Detailed analysis of distorted retinal and its interaction with surrounding residues in the K intermediate of bacteriorhodopsin}, volume={6}, rights={2023 The Author(s)}, ISSN={2399-3642}, DOI={10.1038/s42003-023-04554-2}, number={1}, journal={Communications Biology}, publisher={Nature Publishing Group}, author={Taguchi, Shoun and Niwa, Satomi and Dao, Hoang-Anh and Tanaka, Yoshihiro and Takeda, Ryota and Fukai, Shuya and Hasegawa, Kazuya and Takeda, Kazuki}, year={2023}, month=feb, pages={1–9}, language={en} }

@article{Ardevol_2018, title={Retinal isomerization and water-pore formation in channelrhodopsin-2}, volume={115}, ISSN={1091-6490}, DOI={10.1073/pnas.1700091115}, number={14}, journal={Proceedings of the National Academy of Sciences of the United States of America}, author={Ardevol, Albert and Hummer, Gerhard}, year={2018}, month=apr, pages={3557–3562}, language={eng} }

@article{Nagel_2005, title={Channelrhodopsins: directly light-gated cation channels}, volume={33}, ISSN={0300-5127}, DOI={10.1042/BST0330863}, number={4}, journal={Biochemical Society Transactions}, author={Nagel, G. and Szellas, T. and Kateriya, S. and Adeishvili, N. and Hegemann, P. and Bamberg, E.}, year={2005}, month=aug, pages={863–866} }

@article{Xin_2023, title={The Mechanism of the Channel Opening in Channelrhodopsin-2: A Molecular Dynamics Simulation}, volume={24}, ISSN={1422-0067}, DOI={10.3390/ijms24065667}, number={6}, journal={International Journal of Molecular Sciences}, author={Xin, Qi and Zhang, Wenying and Yuan, Shuai}, year={2023}, month=mar, pages={5667} }

@article{Applebury_1986, title={Molecular biology of the visual pigments}, volume={26}, ISSN={0042-6989}, DOI={10.1016/0042-6989(86)90115-x}, number={12}, journal={Vision Research}, author={Applebury, M. L. and Hargrave, P. A.}, year={1986}, pages={1881–1895}, language={eng} }

@article{Findlay_1986, title={The opsin family of proteins.}, volume={238}, ISSN={0264-6021}, number={3}, journal={Biochemical Journal}, author={Findlay, J B and Pappin, D J}, year={1986}, month=sep, pages={625–642} }

@article{Guhmann_2022, title={The Gluopsins: Opsins without the Retinal Binding Lysine}, volume={11}, rights={https://creativecommons.org/licenses/by/4.0/}, ISSN={2073-4409}, DOI={10.3390/cells11152441}, number={15}, journal={Cells}, author={Gühmann, Martin and Porter, Megan L. and Bok, Michael J.}, year={2022}, month=aug, pages={2441}, language={en} }

@article{Sakmar_2002, title={Structure of rhodopsin and the superfamily of seven-helical receptors: the same and not the same}, volume={14}, ISSN={0955-0674}, DOI={10.1016/S0955-0674(02)00306-X}, number={2}, journal={Current Opinion in Cell Biology}, author={Sakmar, Thomas P}, year={2002}, month=apr, pages={189–195} }

@article{Shichida_2009, title={Evolution of opsins and phototransduction}, volume={364}, ISSN={0962-8436, 1471-2970}, DOI={10.1098/rstb.2009.0051}, number={1531}, journal={Philosophical Transactions of the Royal Society B: Biological Sciences}, author={Shichida, Yoshinori and Matsuyama, Take}, year={2009}, month=oct, pages={2881–2895}, language={en} }

@article{Spudich_2000, title={Retinylidene Proteins: Structures and Functions from Archaea to Humans}, volume={16}, ISSN={1081-0706, 1530-8995}, DOI={10.1146/annurev.cellbio.16.1.365}, number={Volume 16, 2000}, journal={Annual Review of Cell and Developmental Biology}, publisher={Annual Reviews}, author={Spudich, John L. and Yang, Chii-Shen and Jung, Kwang-Hwan and Spudich, Elena N.}, year={2000}, month=nov, pages={365–392}, language={en} }

@article{Terakita_2005, title={The opsins}, volume={6}, ISSN={1474-760X}, DOI={10.1186/gb-2005-6-3-213}, number={3}, journal={Genome Biology}, author={Terakita, Akihisa}, year={2005}, month=mar, pages={213} }

@article{Yokoyama_2000, title={Molecular evolution of vertebrate visual pigments}, volume={19}, ISSN={1350-9462}, DOI={10.1016/S1350-9462(00)00002-1}, number={4}, journal={Progress in Retinal and Eye Research}, author={Yokoyama, Shozo}, year={2000}, month=jul, pages={385–419} }

@article{Zhang_2011, title={The Microbial Opsin Family of Optogenetic Tools}, volume={147}, ISSN={0092-8674}, DOI={10.1016/j.cell.2011.12.004}, number={7}, journal={Cell}, author={Zhang, Feng and Vierock, Johannes and Yizhar, Ofer and Fenno, Lief E. and Tsunoda, Satoshi and Kianianmomeni, Arash and Prigge, Matthias and Berndt, Andre and Cushman, John and Polle, Jürgen and Magnuson, Jon and Hegemann, Peter and Deisseroth, Karl}, year={2011}, month=dec, pages={1446–1457} }

@article{Zhou_2019, title={Common activation mechanism of class A GPCRs}, volume={8}, ISSN={2050-084X}, DOI={10.7554/eLife.50279}, journal={eLife}, author={Zhou, Qingtong and Yang, Dehua and Wu, Meng and Guo, Yu and Guo, Wanjing and Zhong, Li and Cai, Xiaoqing and Dai, Antao and Jang, Wonjo and Shakhnovich, Eugene I and Liu, Zhi-Jie and Stevens, Raymond C and Lambert, Nevin A and Babu, M Madan and Wang, Ming-Wei and Zhao, Suwen}, pages={e50279}, year={2019}}
